@article{huang1996ultrasensitivity,
  title={Ultrasensitivity in the mitogen-activated protein kinase cascade},
  author={Huang, Chi-Ying and Ferrell, James E},
  journal={Proceedings of the National Academy of Sciences},
  volume={93},
  number={19},
  pages={10078--10083},
  year={1996},
  publisher={National Acad Sciences}
}

@book{koller2009probabilistic,
  title={Probabilistic graphical models: principles and techniques},
  author={Koller, Daphne and Friedman, Nir},
  year={2009},
  publisher={MIT press}
}

@article{sachs2005causal,
  title={Causal protein-signaling networks derived from multiparameter single-cell data},
  author={Sachs, Karen and Perez, Omar and Pe'er, Dana and Lauffenburger, Douglas A and Nolan, Garry P},
  journal={Science},
  volume={308},
  number={5721},
  pages={523--529},
  year={2005},
  publisher={American Association for the Advancement of Science}
}

@article{fan2014challenges,
  title={Challenges of big data analysis},
  author={Fan, Jianqing and Han, Fang and Liu, Han},
  journal={National science review},
  volume={1},
  number={2},
  pages={293--314},
  year={2014},
  publisher={Oxford University Press}
}

@phdthesis{margaritis2003learning,
  title={Learning Bayesian network model structure from data},
  author={Margaritis, Dimitris},
  year={2003},
  school={US Army}
}